<record><leader>00000cas a22000007a 4500</leader><controlfield tag="001">36923973</controlfield><controlfield tag="008">970517d19761976inuwr ne      0    0eng d</controlfield><controlfield tag="009">5452</controlfield><datafield ind1=" " ind2=" " tag="010"><subfield code="a">sn 97068702 </subfield></datafield><datafield ind1=" " ind2=" " tag="040"><subfield code="a">NPI</subfield><subfield code="b">eng</subfield><subfield code="c">NPI</subfield></datafield><datafield ind1=" " ind2=" " tag="042"><subfield code="a">msc</subfield></datafield><datafield ind1="0" ind2="0" tag="245"><subfield code="a">South Whitley tribune-Pierceton news.</subfield></datafield><datafield ind1=" " ind2=" " tag="260"><subfield code="a">South Whitley, Ind. ;</subfield><subfield code="a">Pierceton, Ind. :</subfield><subfield code="b">David Tranter,</subfield><subfield code="c">1976.</subfield></datafield><datafield ind1=" " ind2=" " tag="300"><subfield code="a">2 v. :</subfield><subfield code="b">ill.</subfield></datafield><datafield ind1=" " ind2=" " tag="310"><subfield code="a">Weekly</subfield></datafield><datafield ind1="0" ind2=" " tag="362"><subfield code="a">Vol. 90, no. 35 (Feb. 5, 1976)-v. 91, no. 17 (Sept. 23, 1976).</subfield></datafield><datafield ind1=" " ind2=" " tag="752"><subfield code="a">United States</subfield><subfield code="b">Indiana</subfield><subfield code="c">Kosciusko</subfield><subfield code="d">Pierceton.</subfield></datafield><datafield ind1=" " ind2=" " tag="752"><subfield code="a">United States</subfield><subfield code="b">Indiana</subfield><subfield code="c">Whitley</subfield><subfield code="d">South Whitley.</subfield></datafield><datafield ind1="0" ind2="0" tag="780"><subfield code="t">South Whitley tribune</subfield><subfield code="w">(DLC)sn 87055208</subfield></datafield><datafield ind1="0" ind2="0" tag="785"><subfield code="t">Tribune-news (South Whitley, Ind.)</subfield><subfield code="w">(DLC)sn 87055207</subfield></datafield></record>